%% BibTeX bibliography file 

@preamble{ " \newcommand{\noop}[1]{} " } % Helps with 'in submission' papers

%%%%%%%%%%%%%%%%%%%%%%%%%%%%%%%%%%%%%%%
%% Prior Work Citations.
%%%%%%%%%%%%%%%%%%%%%%%%%%%%%%%%%%%%%%%

@inproceedings{Scaramuzza14,
author = {C. Forster and M. Pizzoli and D. Scaramuzza},
title = {SVO: Fast Semi-Direct Monocular Visual Odometry},
booktitle = {IEEE International Conference on Robotics and Automation (ICRA)},
year = {2014}
}

@INPROCEEDINGS{Kerl13, 
author={Kerl, C. and Sturm, J. and Cremers, D.}, 
booktitle={Robotics and Automation (ICRA), 2013 IEEE International Conference on}, 
title={Robust odometry estimation for RGB-D cameras}, 
year={2013}, 
month={May}, 
pages={3748-3754}, 
keywords={cameras;filtering theory;image registration;motion estimation;photometry;CPU core;IMU;RGB-D cameras;RGB-D frames;RGB-D images;camera motion estimation;coarse-to-fine scheme;computational resources;constant memory footprint;image data;motion model;nonlinear minimization;open source license;photometric error;robust error function;robust odometry estimation;sensors;temporal filtering;Convergence;Jacobian matrices;Licenses;Octrees;Robustness;Sensors;Software}, 
doi={10.1109/ICRA.2013.6631104}, 
ISSN={1050-4729},}

@INPROCEEDINGS{Tykkala11,
author={Tykkala, T. and Audras, C. and Comport, AI}, 
booktitle={Computer Vision Workshops (ICCV Workshops), 2011 IEEE International Conference on}, 
title={Direct Iterative Closest Point for real-time visual odometry}, 
year={2011}, 
month={Nov}, 
pages={2050-2056}, 
keywords={cameras;distance measurement;feature extraction;image reconstruction;image sequences;image texture;iterative methods;mobile robots;planetary rovers;real-time systems;robot vision;stereo image processing;3D camera motion parameter;3D surface reconstruction;Mars rover;PRoVisG competition;RGB-D sensor based visual odometry;biobjective cost function;camera movement;direct iterative closest point;direct photometric cost function;feature extraction;insufficient texture information;nonLambertian surface;planetary robotics vision ground processing competition;range measurement;real-time visual odometry;stereo image sequence;Cameras;Cost function;Image resolution;Minimization;Robustness;Three dimensional displays;Trajectory}, 
doi={10.1109/ICCVW.2011.6130500},}

@article{Comport10,
 author = {Comport, A.I. and Malis, E. and Rives, P.},
 title = {Real-time Quadrifocal Visual Odometry},
 journal = {Int. J. Rob. Res.},
 issue_date = {February  2010},
 volume = {29},
 number = {2-3},
 month = feb,
 year = {2010},
 issn = {0278-3649},
 pages = {245--266},
 numpages = {22},
 url = {http://dx.doi.org/10.1177/0278364909356601},
 doi = {10.1177/0278364909356601},
 acmid = {1735007},
 publisher = {Sage Publications, Inc.},
 address = {Thousand Oaks, CA, USA},
 keywords = {dense 3D tracking stereo, direct, multi-view geometry, visual odometry},
}

@INPROCEEDINGS{Browning11, 
author={Hansen, P. and Alismail, H. and Rander, P. and Browning, B.}, 
booktitle={Robotics and Automation (ICRA), 2011 IEEE International Conference on}, 
title={Monocular visual odometry for robot localization in LNG pipes}, 
year={2011}, 
month={May}, 
pages={3111-3116}, 
keywords={corrosion;distance measurement;image sequences;inspection;mobile robots;natural gas technology;pipelines;pose estimation;LNG pipes;corrosion;image sequences;liquified natural gas processing facilities;magnetic flux leakage;monocular visual odometry algorithm;pipe crawling robot;pose estimates;radiography;regular inspection;robot localization;safety;ultrasound;visual perception system;Algorithm design and analysis;Cameras;Measurement;Optimization;Robot vision systems;Visualization}, 
doi={10.1109/ICRA.2011.5979681}, 
ISSN={1050-4729},}

@inproceedings{Pan95,
 author = {Pan, X. and Ellis, T. J. and Clarke, T. A.},
 title = {Robust Tracking of Circular Features},
 booktitle = {Proceedings of the 6th British Conference on Machine Vision (Vol. 2)},
 series = {BMVC '95},
 year = {1995},
 isbn = {0-9521898-2-8},
 location = {Birmingham, United Kingdom},
 pages = {553--562},
 numpages = {10},
 acmid = {243152},
 publisher = {BMVA Press},
 address = {Surrey, UK, UK},
}

@inproceedings{Pan94,
author = {Pan, X. and Clarke, T.A, abd Ellis, T.J.},
title = {The detection and tracking of pipe joints in noisy images},
year={1994}, 
booktitle = {Videometrics III, Boston. SPIE Vol. 2350}
}

@INPROCEEDINGS{Saenz08, 
author={Saenz, J. and Walter, C. and Schulenburg, E. and Elkmann, N. and Althoff, H.}, 
booktitle={Intelligent Robots and Systems, 2008. IROS 2008. IEEE/RSJ International Conference on}, 
title={Application of visual odometry for sewer inspection robots}, 
year={2008}, 
month={Sept}, 
pages={2723-2723}, 
keywords={distance measurement;inspection;pipes;robot vision;service robots;wastewater;cable-guided damage surveying system;hazardous working environment;large waste water pipes;sewer inspection robots;underground sewer pipes;visual odometry;Cable TV;Inspection;Length measurement;Robot sensing systems;Robots;Sensor systems;Sensors}, 
doi={10.1109/IROS.2008.4650819},}

%%%%%%%%%%%%%%%%%%%%%%%%%%%%%%%%%%%%%%%
%% Approach  Publications.
%%%%%%%%%%%%%%%%%%%%%%%%%%%%%%%%%%%%%%%

@inproceedings{Lucas81,
    author = {Bruce D. Lucas and Takeo Kanade},
    title = {An Iterative Image Registration Technique with an Application to Stereo Vision},
    booktitle = {},
    year = {1981},
    pages = {674--679}
}

@article{lucaskanade,
year={2004},
issn={0920-5691},
journal={International Journal of Computer Vision},
volume={56},
number={3},
doi={10.1023/B:VISI.0000011205.11775.fd},
title={Lucas-Kanade 20 Years On: A Unifying Framework},
publisher={Kluwer Academic Publishers},
keywords={image alignment; Lucas-Kanade; a unifying framework; additive vs. compositional algorithms; forwards vs. inverse algorithms; the inverse compositional algorithm; efficiency; steepest descent; Gauss-Newton; Newton; Levenberg-Marquardt},
author={Baker, Simon and Matthews, Iain},
pages={221-255},
language={English}
}

@inproceedings{Lucey14,
    author = {C. Ham and S. Singh and S. Lucey},
    title = {Hand Waiving Away Scale},
    booktitle = {In Proc. 14th Europ. Conf. on Computer Vision},
    year = {2014},
}


%%%%%%%%%%%%%%%%%%%%%%%%%%%%%%%%%%%%%%%
%% Snake Robot Related Publications.
%%%%%%%%%%%%%%%%%%%%%%%%%%%%%%%%%%%%%%%

@INPROCEEDINGS{Wright2012,
author={Wright, C. and Buchan, A. and Brown, B. and Geist, J. and Schwerin, M. and Rollinson, D. and Tesch, M. and Choset, H.},
booktitle={Robotics and Automation (ICRA), 2012 IEEE International Conference on}, title={Design and architecture of the unified modular snake robot},
year={2012},
month={may},
volume={},
number={},
pages={4347 -4354},
keywords={SMA wire actuated bistable brake;custom electronics;custom intermodule connector;fully enclosed actuators;gear train;hyperredundant serial-linkage snake robot;modular architecture;motion coordinates;motor;tail modules;unified modular snake robot;unified snake modules;actuators;brakes;flexible manipulators;gears;mobile robots;redundant manipulators;},
doi={10.1109/ICRA.2012.6225255},
ISSN={1050-4729},}

@INPROCEEDINGS{Enner2012, 
author={Enner, F. and Rollinson, D. and Choset, H.}, 
booktitle={Robotics and Automation (ICRA), 2012 IEEE International Conference on}, 
title={Simplified motion modeling for snake robots}, 
year={2012}, 
month={May}, 
pages={4216-4221}, 
keywords={mobile robots;motion control;bottom-most modules;motion estimation;simplified motion modeling;snake robots;Biological system modeling;Computational modeling;Joints;Mobile robots;Robot kinematics;Shape}, 
doi={10.1109/ICRA.2012.6225163}, 
ISSN={1050-4729},}

@INPROCEEDINGS{Enner2013, 
author={Enner, F. and Rollinson, D. and Choset, H.}, 
booktitle={Robotics and Automation (ICRA), 2013 IEEE International Conference on}, 
title={Motion estimation of snake robots in straight pipes}, 
year={2013}, 
month={May}, 
pages={5168-5173}, 
keywords={couplings;mobile robots;motion measurement;path planning;pipes;16-DOF snake robot;motion model;pipe centerline;robot joint angles;snake robot motion estimation method;straight pipes;Inspection;Mobile robots;Robot kinematics;Robot motion;Robot sensing systems;Shape}, 
doi={10.1109/ICRA.2013.6631316}, 
ISSN={1050-4729},}

@INPROCEEDINGS{Rollinson2011, 
author={Rollinson, D. and Buchan, Austin and Choset, H.}, 
booktitle={Intelligent Robots and Systems (IROS), 2011 IEEE/RSJ International Conference on}, 
title={State estimation for snake robots}, 
year={2011}, 
month={Sept}, 
pages={1075-1080}, 
doi={10.1109/IROS.2011.6095052}, 
ISSN={2153-0858},}

%%%%%%%%%%%%%%%%%%%%%%%%%%%%%%%%%%%%%%%
%% Youtube videos.
%%%%%%%%%%%%%%%%%%%%%%%%%%%%%%%%%%%%%%%

@MISC{pipevideo2,
author={WallisEngineering},
title = {Sewer Inspection MH E17C-057S to MH E17C-041S (23' to end).VOB},
url = {https://www.youtube.com/watch?v=Y9ngUvuZp_U&list=UU7Vl1uuMLZ5l5TtUtLSw-7w},
urldate = {Oct 20, 2011},
}

@MISC{pipevideo4,
author={WallisEngineering},
title = {Sewer Inspection MH E17C-077S to MH E17C-057S (start to 116').VOB},
url = {https://www.youtube.com/watch?v=qOjt4ZKYQ8w&list=UU7Vl1uuMLZ5l5TtUtLSw-7w},
urldate = {Oct 20, 2011},
}

@MISC{pipevideo5,
author={WallisEngineering},
title = {Sewer Inspection MH E03D-029S to CO E03D-017S (start to 343').qt},
url = {https://www.youtube.com/watch?v=viSCiJbwiPY&list=UU7Vl1uuMLZ5l5TtUtLSw-7w},
urldate = {Oct 20, 2011},
}

@MISC{pipevideo6,
author={WallisEngineering},
title = {Sewer Inspection MH E039-029S to CO E03D-017S (467' to end).VOB},
url = {https://www.youtube.com/watch?v=L_z2gzPAGkE&list=UU7Vl1uuMLZ5l5TtUtLSw-7w},
urldate = {Oct 20, 2011},
}

